@article{Antonelli2017,
	author = {Antonelli, Alexandre and Hettling, Hannes and Condamine, Fabien L. and Vos, Karin and Nilsson, R. Henrik and Sanderson, Michael J. and Sauquet, Hervé and Scharn, Ruud and Silvestro, Daniele and Töpel, Mats and Bacon, Christine D. and Oxelman, Bengt and Vos, Rutger A.}, 
	title = {Toward a Self-Updating Platform for Estimating Rates of Speciation and Migration, Ages, and Relationships of Taxa},
	year = {2017}, 
	doi = {10.1093/sysbio/syw066}, 
	URL = {http://sysbio.oxfordjournals.org/content/early/2016/10/13/sysbio.syw066.abstract}, 
	eprint = {http://sysbio.oxfordjournals.org/content/early/2016/10/13/sysbio.syw066.full.pdf+html}, 
	journal = {Systematic Biology} 
}

@article{Mutanen2016,
	author = {Mutanen, Marko and Kivelä, Sami M. and Vos, Rutger A. and Doorenweerd, Camiel and Ratnasingham, Sujeevan and Hausmann, Axel and Huemer, Peter and Dincă, Vlad and van Nieukerken, Erik J. and Lopez-Vaamonde, Carlos and Vila, Roger and Aarvik, Leif and Decaëns, Thibaud and Efetov, Konstantin A. and Hebert, Paul D. N. and Johnsen, Arild and Karsholt, Ole and Pentinsaari, Mikko and Rougerie, Rodolphe and Segerer, Andreas and Tarmann, Gerhard and Zahiri, Reza and Godfray, H. Charles J.}, 
	title = {Species-Level Para- and Polyphyly in DNA Barcode Gene Trees: Strong Operational Bias in European Lepidoptera},
	volume = {65}, 
	number = {6}, 
	pages = {1024-1040}, 
	year = {2016}, 
	doi = {10.1093/sysbio/syw044}, 
	URL = {http://sysbio.oxfordjournals.org/content/65/6/1024.abstract}, 
	eprint = {http://sysbio.oxfordjournals.org/content/65/6/1024.full.pdf+html}, 
	journal = {Systematic Biology} 
}

@article{Stajich2002,
	title={The Bioperl toolkit: Perl modules for the life sciences},
	author={Stajich, Jason E and Block, David and Boulez, Kris and Brenner, Steven E and Chervitz, Stephen A and Dagdigian, Chris and Fuellen, Georg and Gilbert, James GR and Korf, Ian and Lapp, Hilmar and others},
	journal={Genome research},
	volume={12},
	number={10},
	pages={1611--1618},
	year={2002},
	publisher={Cold Spring Harbor Lab}
}

@article{Vos2012,
	title={NeXML: rich, extensible, and verifiable representation of comparative data and metadata},
	author={Vos, Rutger A and Balhoff, James P and Caravas, Jason A and Holder, Mark T and Lapp, Hilmar and Maddison, Wayne P and Midford, Peter E and Priyam, Anurag and Sukumaran, Jeet and Xia, Xuhua and others},
	journal={Systematic biology},
	volume={61},
	number={4},
	pages={675--689},
	year={2012},
	publisher={Oxford University Press}
}

@article{Vos2011,
	author="Vos, Rutger A. and Caravas, Jason and Hartmann, Klaas and Jensen, Mark A. and Miller, Chase",
	title="Bio::Phylo-phyloinformatic analysis using perl",
	journal="BMC Bioinformatics",
	year="2011",
	volume="12",
	number="1",
	pages="63",
	issn="1471-2105",
	doi="10.1186/1471-2105-12-63",
	url="http://dx.doi.org/10.1186/1471-2105-12-63"
}

@phdthesis{Vos2006,
	title={Inferring large phylogenies: the big tree problem},
	author={Vos, Rutger Aldo},
	year={2006},
	school={Simon Fraser University}
}

@article{Vos2017,
	title={Design Patterns in Phylogenetics: Practical Tree Data Structures and Objects for Serialization},
	author={Vos, Rutger Aldo},
	journal={https://doi.org/10.6084/m9.figshare.4524569.v1},
	year={2017}
}

@inproceedings{Piel2009,
    author = {Piel, William H. and Chan, Lucie and Dominus, Mark J. and Ruan, Jin and Vos, Rutger A. and Tannen, Val},
    booktitle = {e-BioSphere 2009},
    citeulike-article-id = {4680867},
    keywords = {databases, software},
    location = {London},
    posted-at = {2009-05-30 04:07:35},
    priority = {2},
    title = {{TreeBASE v. 2: A Database of Phylogenetic Knowledge}},
    year = {2009}
}

@article{Hardisty2016,
	title={BioVeL: a virtual laboratory for data analysis and modelling in biodiversity science and ecology},
	author={Hardisty, Alex R and Bacall, Finn and Beard, Niall and Balc{\'a}zar-Vargas, Maria-Paula and Balech, Bachir and Barcza, Zolt{\'a}n and Bourlat, Sarah J and Giovanni, Renato and Jong, Yde and Leo, Francesca and others},
	journal={BMC ecology},
	volume={16},
	number={1},
	pages={49},
	year={2016},
	publisher={BioMed Central}
}

@article {Oven2009,
	author = {van Oven, Mannis and Kayser, Manfred},
	title = {Updated comprehensive phylogenetic tree of global human mitochondrial DNA variation},
	journal = {Human Mutation},
	volume = {30},
	number = {2},
	publisher = {Wiley Subscription Services, Inc., A Wiley Company},
	issn = {1098-1004},
	url = {http://dx.doi.org/10.1002/humu.20921},
	doi = {10.1002/humu.20921},
	pages = {E386--E394},
	keywords = {mitochondrial DNA, phylogenetic tree, haplogroup, mtDNA variation, human evolution},
	year = {2009},
}

% for the "figtree" file format
@article{Rambaut2007,
	title={FigTree, a graphical viewer of phylogenetic trees},
	author={Rambaut, A},
	journal={See http://tree.bio.ed.ac.uk/software/figtree},
	year={2007}
}

% for the NHX/New Hampshire eXtended file format
@article{Zmasek2001,
	title={ATV: display and manipulation of annotated phylogenetic trees},
	author={Zmasek, Christian M and Eddy, Sean R},
	journal={Bioinformatics},
	volume={17},
	number={4},
	pages={383--384},
	year={2001},
	publisher={Oxford Univ Press}
}

% for the CDAO file format
@article{Prosdocimi2009,
	title={Initial implementation of a comparative data analysis ontology},
	author={Prosdocimi, Francisco and Chisham, Brandon and Pontelli, Enrico and Thompson, Julie D and Stoltzfus, Arlin},
	journal={Evolutionary Bioinformatics},
	volume={5},
	pages={47},
	year={2009},
	publisher={Libertas Academica Ltd}
}

% These are citations where the analysis included scripts that use Bio::Phylo
@article{Hayward2015,
	title={Pan-vertebrate comparative genomics unmasks retrovirus macroevolution},
	author={Hayward, Alexander and Cornwallis, Charlie K and Jern, Patric},
	journal={Proceedings of the National Academy of Sciences},
	volume={112},
	number={2},
	pages={464--469},
	year={2015},
	publisher={National Acad Sciences}
}

@article{Hayward2013,
	title={Broad-scale phylogenomics provides insights into retrovirus--host evolution},
	author={Hayward, Alexander and Grabherr, Manfred and Jern, Patric},
	journal={Proceedings of the National Academy of Sciences},
	volume={110},
	number={50},
	pages={20146--20151},
	year={2013},
	publisher={National Acad Sciences}
}

@article{Smet2013,
	title={Convergent gene loss following gene and genome duplications creates single-copy families in flowering plants},
	author={De Smet, Riet and Adams, Keith L and Vandepoele, Klaas and Van Montagu, Marc CE and Maere, Steven and Van de Peer, Yves},
	journal={Proceedings of the National Academy of Sciences},
	volume={110},
	number={8},
	pages={2898--2903},
	year={2013},
	publisher={National Acad Sciences}
}
