@article{Antonelli10092016,
  author = {Antonelli, Alexandre and Hettling, Hannes and Condamine, Fabien L. and Vos, Karin and Nilsson, R. Henrik and Sanderson, Michael J. and Sauquet, Hervé and Scharn, Ruud and Silvestro, Daniele and Töpel, Mats and Bacon, Christine D. and Oxelman, Bengt and Vos, Rutger A.}, 
  title = {Toward a Self-Updating Platform for Estimating Rates of Speciation and Migration, Ages, and Relationships of Taxa},
  year = {2016}, 
  doi = {10.1093/sysbio/syw066}, 
  URL = {http://sysbio.oxfordjournals.org/content/early/2016/10/13/sysbio.syw066.abstract}, 
  eprint = {http://sysbio.oxfordjournals.org/content/early/2016/10/13/sysbio.syw066.full.pdf+html}, 
  journal = {Systematic Biology} 
}

@article{Mutanen01112016,
  author = {Mutanen, Marko and Kivelä, Sami M. and Vos, Rutger A. and Doorenweerd, Camiel and Ratnasingham, Sujeevan and Hausmann, Axel and Huemer, Peter and Dincă, Vlad and van Nieukerken, Erik J. and Lopez-Vaamonde, Carlos and Vila, Roger and Aarvik, Leif and Decaëns, Thibaud and Efetov, Konstantin A. and Hebert, Paul D. N. and Johnsen, Arild and Karsholt, Ole and Pentinsaari, Mikko and Rougerie, Rodolphe and Segerer, Andreas and Tarmann, Gerhard and Zahiri, Reza and Godfray, H. Charles J.}, 
  title = {Species-Level Para- and Polyphyly in DNA Barcode Gene Trees: Strong Operational Bias in European Lepidoptera},
  volume = {65}, 
  number = {6}, 
  pages = {1024-1040}, 
  year = {2016}, 
  doi = {10.1093/sysbio/syw044}, 
  URL = {http://sysbio.oxfordjournals.org/content/65/6/1024.abstract}, 
  eprint = {http://sysbio.oxfordjournals.org/content/65/6/1024.full.pdf+html}, 
  journal = {Systematic Biology} 
}
